@article{PhysRev.47.777,
  title = {Can Quantum-Mechanical Description of Physical Reality Be Considered Complete?},
  author = {Einstein, A. and Podolsky, B. and Rosen, N.},
  journal = {Phys. Rev.},
  volume = {47},
  issue = {10},
  pages = {777--780},
  numpages = {0},
  year = {1935},
  month = {5},
  publisher = {American Physical Society},
  doi = {10.1103/PhysRev.47.777},
  url = {https://link.aps.org/doi/10.1103/PhysRev.47.777}
}

@manual{GP1StromSpannung,
  title = {GP1 Versuch 5: Strom- und Spannungsmessung},
  author = {{Lehrkr채fte des Instituts f체r Experimentalphysik}},
  year = {2023},
	version = {2023 (iOLab)},
  publisher = {Institut f체r Experimentalphysik},
	location = {Universit채t Innsbruck, Innsbruck, AT}
}

@manual{TiltFilter,
  author    = {Turan Erdogan},
  title     = {Optical Filters: Non-normal Angles of Incidence},
  organization = {Semrock},
  year      = {2011},
	url				= {https://www.semrock.com/Data/Sites/1/semrockpdfs/nonnormalanglesofincidence.pdf},
	location = {Rochester, New York, USA}
 }


@book{Demtroeder4,
	author = {Demtr\"oder, Wolfgang}, 
	title = {Experimentalphysik 4: Kern-, Teichen-, und Astrophysik},
	publisher = {Springer},
	year = 2013,
	address = {Berlin}
}

@online{biblatex,
  author = {{Ebosi (https://tex.stackexchange.com/users/64454/ebosi)}}, 
  title = {Bibtex vs. biber and biblatex vs. natbib},
  howpublished = {TeX - LaTeX Stack Exchange},
  url = {https://tex.stackexchange.com/questions/25701/bibtex-vs-biber-and-biblatex-vs-natbib},
  note  = {Online; Stand: 13. {A}pril 2017.  Abgerufen am 11. November 2020}
}